@BOOK {calc,
    author    = {C. Henry Edwards and David E. Penney},
    edition   = {seventh},
    publisher = {Pearson},
    title     = {Calculus: Early Transcendentals},
    year      = 2014
}
@inproceedings{wang2003industrial,
  title={An industrial strength audio search algorithm.},
  author={Wang, Avery and others},
  booktitle={Ismir},
  volume={2003},
  pages={7--13},
  year={2003},
  organization={Washington, DC}
}
@misc{ShazamDescription,
  title = {{HOW DOES SHAZAM WORK?} Shazam Description},
  howpublished = {\url{https://www.shazam.com/company}},
  note = {Accessed: 11-02-2020}
}

@article{haitsma2003highly,
  title={A highly robust audio fingerprinting system with an efficient search strategy},
  author={Haitsma, Jaap and Kalker, Ton},
  journal={Journal of New Music Research},
  volume={32},
  number={2},
  pages={211--221},
  year={2003},
  publisher={Taylor \& Francis}
}